<?xml version="1.0" encoding="UTF-8"?><collection xmlns="http://www.loc.gov/MARC21/slim"><record><leader>00464nam--2200181-i-4500</leader><controlfield tag="001">000035916</controlfield><controlfield tag="002">20161230</controlfield><controlfield tag="005">20161230201040</controlfield><controlfield tag="008">060222s1000------------r-----000-0-rus-d</controlfield><datafield ind1=" " ind2=" " tag="040"><subfield code="a">IFIN-HH</subfield></datafield><datafield ind1=" " ind2=" " tag="041"><subfield code="a">rus</subfield></datafield><datafield ind1=" " ind2=" " tag="080"><subfield code="a">519.72</subfield></datafield><datafield ind1="1" ind2=" " tag="100"><subfield code="a">Kaminskas, V</subfield></datafield><datafield ind1="1" ind2="0" tag="245"><subfield code="a">Identifikatia dinamiceskih sistem po diskretnim nabliodeniam</subfield><subfield code="c">V. kaminskas</subfield></datafield><datafield ind1=" " ind2=" " tag="260"><subfield code="a">Vilnius</subfield><subfield code="b">Mokslas</subfield><subfield code="c">1982</subfield></datafield><datafield ind1=" " ind2=" " tag="300"><subfield code="a">243P</subfield></datafield><datafield ind1=" " ind2=" " tag="852"><subfield code="a">70450</subfield><subfield code="c">519.24</subfield></datafield><datafield ind1=" " ind2=" " tag="CAT"><subfield code="a">Sys</subfield><subfield code="c">20130805</subfield><subfield code="h">161505</subfield></datafield></record></collection>